@inproceedings{snow_cheap_2008,
	title = {Cheap and fast—but is it good?: evaluating non-expert annotations for natural language tasks},
	shorttitle = {Cheap and fast—but is it good?},
	booktitle = {Proceedings of the Conference on Empirical Methods in Natural Language Processing},
	author = {R. Snow and B. {O'Connor} and D. Jurafsky and A. Y Ng},
	year = {2008},
	pages = {254–-263}
}

@inproceedings{sheng_get_2008,
	title = {Get another label? improving data quality and data mining using multiple, noisy labelers},
	shorttitle = {Get another label?},
	booktitle = {Proceeding of the 14th {ACM} {SIGKDD} international conference on Knowledge discovery and data mining},
	author = {V. S Sheng and F. Provost and P. G Ipeirotis},
	year = {2008},
	pages = {614–-622}
}

@article{kittur_crowdsourcing_2008,
	title = {Crowdsourcing user studies with Mechanical Turk},
	author = {A. Kittur and E. H Chi and B. Suh},
	year = {2008}
}

@inproceedings{su_internet-scale_2007,
	title = {Internet-scale collection of human-reviewed data},
	booktitle = {Proceedings of the 16th international conference on World Wide Web},
	author = {Q. Su and D. Pavlov and J. H Chow and W. C Baker},
	year = {2007},
	pages = {231–-240}
}

@inproceedings{sentiwordnet:06,
	title = {{SentiWordNet:} A publicly available lexical resource for opinion mining},
	volume = {6},
	shorttitle = {{SentiWordNet}},
	booktitle = {Proceedings of {LREC}},
	author = {A. Esuli and F. Sebastiani},
	year = {2006}
}

@inproceedings{mason_financial_2009,
	title = {Financial incentives and the performance of crowds},
	booktitle = {Proceedings of the {ACM} {SIGKDD} Workshop on Human Computation},
	author = {W. Mason and D. J Watts},
	year = {2009},
	pages = {77–-85}
}

@article{dawid_maximum_1979,
	title = {Maximum likelihood estimation of observer error-rates using the {EM} algorithm},
	volume = {28},
	number = {1},
	journal = {Journal of the Royal Statistical Society. Series C {(Applied} Statistics)},
	author = {A. P. Dawid and A. M. Skene},
	year = {1979},
	pages = {20–-28}
}

@article{eugenio_kappa_2004,
	title = {The kappa statistic: A second look},
	volume = {30},
	shorttitle = {The kappa statistic},
	number = {1},
	journal = {Computational linguistics},
	author = {B. D Eugenio and M. Glass},
	year = {2004},
	pages = {95–101}
}

@Misc{mccallum,
  author = 	 {A. K. McCallum},
  title = 	 {MALLET: A Machine Learning for Language Toolkit},
  year = 	 {2002},
  note = 	 {http://mallet.cs.umass.edu},
}
