
@article{dawid_maximum_1979,
	title = {Maximum likelihood estimation of observer error-rates using the {EM} algorithm},
	volume = {28},
	number = {1},
	journal = {Journal of the Royal Statistical Society. Series C {(Applied} Statistics)},
	author = {A. P. Dawid and A. M. Skene},
	year = {1979},
	pages = {20–28}
}