
@inproceedings{mason_financial_2009,
	title = {Financial incentives and the performance of crowds},
	booktitle = {Proceedings of the {ACM} {SIGKDD} Workshop on Human Computation},
	author = {W. Mason and D. J Watts},
	year = {2009},
	pages = {77–85}
}