
@inproceedings{esuli_sentiwordnet:publicly_2006,
	title = {{SentiWordNet:} A publicly available lexical resource for opinion mining},
	volume = {6},
	shorttitle = {{SentiWordNet}},
	booktitle = {Proceedings of {LREC}},
	author = {A. Esuli and F. Sebastiani},
	year = {2006}
}